@Misc{pep8,
	author = {Van Rossum, Guido and Warsaw, Barry and Coghlan, Nick },
	title = {Style Guide for Python Code },
	month = {Aug.},
	year = {2013},
}

@inproceedings{karrer2006phavorit,
	title={PhaVoRIT: A Phase Vocoder for Real-Time Interactive Time-Stretching.},
	author={Karrer, Thorsten and Lee, Eric and Borchers, Jan O},
	booktitle={ICMC},
	year={2006}
}

@article{caetano2016full,
	title={Full-Band Quasi-Harmonic Analysis and Synthesis of Musical Instrument Sounds with Adaptive Sinusoids},
	author={Caetano, Marcelo and Kafentzis, George P and Mouchtaris, Athanasios and Stylianou, Yannis},
	journal={Applied Sciences},
	volume={6},
	number={5},
	pages={127},
	year={2016},
	publisher={Multidisciplinary Digital Publishing Institute}
}

@inproceedings{barry2008time,
	title={Time and pitch scale modification: A real-time framework and tutorial},
	author={Barry, Dan and Dorran, David and Coyle, Eugene},
	booktitle={Conference papers},
	pages={16},
	year={2008}
}

@article{amatriain2002spectral,
	title={Spectral processing},
	author={Amatriain, Xavier and Bonada, Jordi and Loscos, Alex and Serra, Xavier},
	journal={DAFX: Digital Audio Effects},
	pages={373--438},
	year={2002},
	publisher={Wiley Online Library}
}

@article{wellsmethods,
	title={Methods for separation of amplitude and frequency modulation in fourier transformed signals},
	author={Wells, Jeremy J}
}

@inproceedings{wells2006high,
	title={High accuracy frame-by-frame non-stationary sinusoidal modelling},
	author={Wells, Jeremy J and Murphy, Damian T},
	booktitle={Proc. of the 9th International Conference on Digital Audio Effects (DAFx-06)},
	pages={253--258},
	year={2006},
	organization={Citeseer}
}

@inproceedings{lloyd2011sound,
	title={Sound synthesis for impact sounds in video games},
	author={Lloyd, D Brandon and Raghuvanshi, Nikunj and Govindaraju, Naga K},
	booktitle={Symposium on Interactive 3D Graphics and Games},
	pages={PAGE--7},
	year={2011},
	organization={ACM}
}

@article{hammer2001time,
	title={Time-scale modification using the phase vocoder},
	author={Hammer, Florian},
	journal={Institute for Electr. Music and Ac, Graz Univ. of Dramatic Arts, Graz},
	year={2001},
	publisher={Citeseer}
}


@article{kutil2009optimized,
	title={Optimized sinusoid synthesis via inverse truncated Fourier transform},
	author={Kutil, Rade},
	journal={IEEE transactions on audio, speech, and language processing},
	volume={17},
	number={2},
	pages={221--230},
	year={2009},
	publisher={IEEE}
}

@incollection{quatieri2002audio,
	title={Audio signal processing based on sinusoidal analysis/synthesis},
	author={Quatieri, Thomas F and McAulay, Robert J},
	booktitle={Applications of digital signal processing to audio and acoustics},
	pages={343--416},
	year={2002},
	publisher={Springer}
}

@inproceedings{rodet1992spectral,
	title={Spectral envelopes and inverse FFT synthesis},
	author={Rodet, Xavier and Depalle, Philippe},
	booktitle={Audio Engineering Society Convention 93},
	year={1992},
	organization={Audio Engineering Society}
}

@inproceedings{depalle1993tracking,
	title={Tracking of partials for additive sound synthesis using hidden Markov models},
	author={Depalle, Philippe and Garcia, Guillermo and Rodet, Xavier},
	booktitle={Acoustics, Speech, and Signal Processing, 1993. ICASSP-93., 1993 IEEE International Conference on},
	volume={1},
	pages={225--228},
	year={1993},
	organization={IEEE}
}

@article{arfib2002time,
	title={Time-frequency Processing},
	author={Arfib, Daniel and Keiler, Florian and Z{\"o}lzer, Udo},
	journal={DAFX: digital audio effects},
	pages={237--297},
	year={2002},
	publisher={Wiley Online Library}
}

@article{mcaulay1986speech,
	title={Speech analysis/synthesis based on a sinusoidal representation},
	author={McAulay, Robert and Quatieri, Thomas},
	journal={IEEE Transactions on Acoustics, Speech, and Signal Processing},
	volume={34},
	number={4},
	pages={744--754},
	year={1986},
	publisher={IEEE}
}

@article{serra1989system,
	title={A system for sound analysis/transformation/synthesis based on a deterministic plus stochastic decomposition},
	author={Serra, Xavier and Serra, Xavier},
	year={1989},
	publisher={Citeseer}
}

@inproceedings{roebel2003transient,
	title={Transient detection and preservation in the phase vocoder},
	author={Roebel, Axel},
	booktitle={International Computer Music Conference (ICMC)},
	pages={247--250},
	year={2003}
}

@article{grunwald2010pv,
	title={Theory, Implementation and Evaluation of the Digital Phase Vocoder in the Context of Audio Effects},
	author={Gr√ºnwald, Johannes},
	journal={Institute for Electr. Music and Ac, Graz Univ. of Dramatic Arts, Graz},
	year={2010},
}

@article{analysis-general,
	title={Generalization of the derivative analysis method to non-stationary sinusoidal modeling},
	author={Marchand, Sylvain and Depalle, Philippe},
	journal={Addison Wesley},
	year={1994},
}
 