@Misc{pep8,
	key = {pep8},
	author = {Guido van Rossum, Barry Warsaw, Nick Coghlan},
	title = {Style Guide for Python Code },
	month = {Aug.},
	year = {2013},
}
